@article{venus-sulfer,
title = {Microwave Remote Sensing of the Temperature and Distribution of Sulfur Compounds in the Lower Atmosphere of {V}enus},
journal = "Icarus ",
volume = "158",
number = "2",
pages = "312 - 328",
year = "2002",
note = "",
issn = "0019-1035",
doi = "http://dx.doi.org/10.1006/icar.2002.6894",
url = "http://www.sciencedirect.com/science/article/pii/S0019103502968946",
author = "Jon M. Jenkins and Marc A. Kolodner and Bryan J. Butler and Shady H. Suleiman and Paul G. Steffes"
}


@article{Esposito-2012,
title = {Planetary science: {R}ising sulphur on {V}enus},
journal = "Nature Geoscience",
volume = "6",
number = "1",
pages = "20 - 21",
year = "2012",
note = "",
author = "Esposito, Larry W."
}

@article{Pickett-1998,
title = "Submillimeter, Millimeter, and Microwave Spectral Line Catalog",
journal = "Journal of Quantitative Spectroscopy and Radiative Transfer ",
volume = "60",
number = "5",
pages = "883 - 890",
year = "1998",
note = "",
issn = "0022-4073",
doi = "http://dx.doi.org/10.1016/S0022-4073(98)00091-0",
url = "http://www.sciencedirect.com/science/article/pii/S0022407398000910",
author = "H.M. Pickett and R.L. Poynter and E.A. Cohen and M.L. Delitsky and J.C. Pearson and H.S.P. Muller"
}



@manual{Hewlett-Packard,
title = "{H}{P} 8560 {E-S}eries {S}pectrum {A}nalyzer {C}alibration {G}uide",
organization = "Hewlett-{P}ackard",
address = "Santa Rosa, CA",
year = "1997"
}

@article{DeBoer-Steffes,
title = "Laboratory Measurements of the Microwave Properties of \{H2S\} under Simulated Jovian Conditions with an Application to Neptune ",
journal = "Icarus ",
volume = "109",
number = "2",
pages = "352 - 366",
year = "1994",
note = "",
issn = "0019-1035",
doi = "http://dx.doi.org/10.1006/icar.1994.1099",
url = "http://www.sciencedirect.com/science/article/pii/S0019103584710992",
author = "David R. DeBoer and Paul G. Steffes"
}

@article{Berge-1972,
title = "High resolution interferometric observations of Venus at three radio wavelengths ",
journal = "Icarus ",
volume = "17",
number = "3",
pages = "675 - 681",
year = "1972",
note = "",
issn = "0019-1035",
doi = "http://dx.doi.org/10.1016/0019-1035(72)90031-0",
url = "http://www.sciencedirect.com/science/article/pii/0019103572900310",
author = "G.L. Berge and D.O. Muhleman and G.S. Orton"
}

@article{McCullough-1972,
title = "Phase dependence of the 2.7 cm wavelength radiation of Venus ",
journal = "Icarus ",
volume = "16",
number = "2",
pages = "310 - 313",
year = "1972",
note = "",
issn = "0019-1035",
doi = "http://dx.doi.org/10.1016/0019-1035(72)90076-0",
url = "http://www.sciencedirect.com/science/article/pii/0019103572900760",
author = "T.P. McCullough"
}

@article {Ulich-1980, 
author={Ulich, B. and Davis, John H. and Rhodes, P. and Hollis, J.}, 
journal={Antennas and Propagation, IEEE Transactions on}, 
title={Absolute brightness temperature measurements at 3.5-mm wavelength}, 
year={1980}, 
month={May}, 
volume={28}, 
number={3}, 
pages={367-377}, 
keywords={Extraterrestrial radio sources;Millimeter-wave radiometry;Radio sources, extraterrestrial;Solar radiation;Brightness temperature;Horn antennas;Jupiter;Observatories;Radio transmitters;Saturn;Sun;Temperature measurement;Venus;Wavelength measurement}, 
doi={10.1109/TAP.1980.1142330}, 
ISSN={0018-926X}
}


﻿@article {Pettengill-1988,
author = {Pettengill, Gordon H. and Ford, Peter G. and Chapman, Bruce D.},
title = {Venus: Surface electromagnetic properties},
journal = {Journal of Geophysical Research: Solid Earth},
volume = {93},
number = {B12},
issn = {2156-2202},
url = {http://dx.doi.org/10.1029/JB093iB12p14881},
doi = {10.1029/JB093iB12p14881},
pages = {14881--14892},
year = {1988},
}

﻿@article {Pettengill-1992,
author = {Pettengill, Gordon H. and Ford, Peter G. and Wilt, Robert J.},
title = {Venus surface radiothermal emission as observed by Magellan},
journal = {Journal of Geophysical Research: Planets},
volume = {97},
number = {E8},
issn = {2156-2202},
url = {http://dx.doi.org/10.1029/92JE01356},
doi = {10.1029/92JE01356},
pages = {13091--13102},
year = {1992},
}

@article{Steffes-1990,
title = "Observations of the microwave emission of Venus from 1.3 to 3.6 cm ",
journal = "Icarus ",
volume = "84",
number = "1",
pages = "83 - 92",
year = "1990",
note = "",
issn = "0019-1035",
doi = "http://dx.doi.org/10.1016/0019-1035(90)90159-7",
url = "http://www.sciencedirect.com/science/article/pii/0019103590901597",
author = "Paul G. Steffes and Michael J. Klein and Jon M. Jenkins"
}

﻿@phdthesis {Vetukhnovkaya-1969,
author = {Y N Vetukhnovkaya},
title = {Radio astronomy measurements of Venus and several results from an interpretation of these emasurements on the basis of AIS Venera-4 data},
school = {FIAN University},
year = {1988},
}


@article {Suleiman-1996,
author = {Suleiman, Shady H. and Kolodner, Marc A. and Steffes, Paul G.},
title = {Laboratory measurement of the temperature dependence of gaseous sulfur dioxide (SO2) microwave absorption with application to the Venus atmosphere},
journal = {Journal of Geophysical Research: Planets},
volume = {101},
number = {E2},
issn = {2156-2202},
url = {http://dx.doi.org/10.1029/95JE03728},
doi = {10.1029/95JE03728},
pages = {4623--4635},
year = {1996},
}

@article{Butler-2001,
title = "Accurate and Consistent Microwave Observations of Venus and Their Implications ",
journal = "Icarus ",
volume = "154",
number = "2",
pages = "226 - 238",
year = "2001",
note = "",
issn = "0019-1035",
doi = "http://dx.doi.org/10.1006/icar.2001.6710",
url = "http://www.sciencedirect.com/science/article/pii/S0019103501967107",
author = "Bryan J. Butler and Paul G. Steffes and Shady H. Suleiman and Marc A. Kolodner and Jon M. Jenkins"
}


@article{Steffes-2014,
title = "Laboratory Measurements of the 3.7-20 cm Wavelength Opacity of Sulfur Dioxide and Carbon Dioxide under Simulated Conditions for the Deep Atmosphere of Venus",
journal = "Icarus ",
year = "2014",
note = "",
author = "Paul G. Steffes and Patrick Shahan and Garret C. Barisich and Amadeo Bellotti"
}

@conference{Steffes-2012,
    author    = "P.G. Steffes and Christopher Barisich",
    title     = {Laboratory Measurements of the 3.7-20 cm Wavelength Opacity of Sulfur Dioxide and Carbon Dioxide under Simulated Conditions for the Deep Atmosphere of {V}enus},
    booktitle = {Bulletin of the American Astronomical Society},
    volume   = "44",
    number   = "5",
    pages    = "241",
    address  = "Reno, NV",
    year      = "2012",
    month    = "October 18",
    note     = "Presented at the 44th Annual Meeting of the Division for Planetary Sciences of the American Astronomical Society"
}

@conference{Steffes-2013,
    author    = "P.G. Steffes and P.M. Shahan",
    title     = {Models of the Centimeter-Wavelength of Sulfur Dioxide and Carbon Dioxide based on Laboratory Measurements Conducted under Simulated Conditions for the Deep Atmosphere of {V}enus},
    booktitle = {Bulletin of the American Astronomical Society},
    volume   = "45",
    number   = "9",
    pages    = "57",
    address  = "Denver, CO",
    year      = "2013",
    month    = "October 8",
    note     = "Presented at the 45th Annual Meeting of the Division for Planetary Sciences of the American Astronomical Society"
}

@phdthesis{Hoffman-thesis,
author = "James Patrick Hoffman",
title = {Microwave Opacity of Phosphine: Application to Remote Sensing of the Atmospheres of the Outer Planets},
year = "2001",
school = {Georgia Institute of Technology},
month = "April"
}

@phdthesis{Devaraj-thesis,
author = "Kiruthika Devaraj",
title = {The {C}entimeter- and {M}illimeter-{W}avelength {A}mmonia {A}bsorption {S}pectra {U}nder {J}ovian {C}onditions},
year = "2011",
school = {Georgia Institute of Technology},
month = "December"
}

@phdthesis {Karpowicz-thesis,
author = {Bryan Mills Karpowicz},
title = {In search of water vapor on Jupiter: laboratory measurements of the microwave properties of water vapor and simulations of Jupiter's microwave emission in support of the Juno mission},
school = {Karpowicz},
year = {2010},
}

@phdthesis{Suleiman-thesis,
author = "Shady H. Suleiman",
title = {Microwave Effects of Gaseous Sulfer Dioxide ({SO}$_2$) in the Atmospheres of {V}enus and {E}arth},
year = "1997",
school = {Georgia Institute of Technology},
month = "May"
}

@phdthesis{Fahd-thesis,
author = "Antoine K. Fahd",
title = {Study and Interpretation of the Millimeter-wave Spectrum of Venus},
year = "1992",
school = {Georgia Institute of Technology},
month = "June"
}
@phdthesis{Kolodner-thesis,
author = "Marc A. Kolodner",
title = {Microwave Remote Sensing of Sulfuric Acid Vaport in the Venus Atmopshere},
year = "1997",
school = {Georgia Institute of Technology},
month = "June"
}

@phdthesis{Hanley-thesis,
author = "Thomas Hanley",
title = {The Microwave Opacity Effects of Ammonia and Water Vapor Application to Remote Sensing of the Atmosphere of Jupiter},
year = "2008",
school = {Georgia Institute of Technology},
month = "August"
}


@article{Pearson-2010,
title = {Introduction to submillimeter, millimeter and microwave spectral line catalog },
journal = {Journal of Quantitative Spectroscopy and Radiative Transfer },
volume = "111",
number = "11",
pages = "1614 - 1616",
year = "2010",
issn = "0022-4073",
doi = "http://dx.doi.org/10.1016/j.jqsrt.2010.02.002",
url = "http://www.sciencedirect.com/science/article/pii/S0022407310000634",
author = "J.C. Pearson and H.S.P. Müller and H.M. Pickett and E.A. Cohen and B.J. Drouin",
keywords = "Spectroscopy",
keywords = "Absorption",
keywords = "Spectral lines "
}

@article{Jenkins-2002,
title = "Microwave Remote Sensing of the Temperature and Distribution of Sulfur Compounds in the Lower Atmosphere of Venus ",
journal = "Icarus ",
volume = "158",
number = "2",
pages = "312 - 328",
year = "2002",
note = "",
issn = "0019-1035",
doi = "http://dx.doi.org/10.1006/icar.2002.6894",
url = "http://www.sciencedirect.com/science/article/pii/S0019103502968946",
author = "Jon M. Jenkins and Marc A. Kolodner and Bryan J. Butler and Shady H. Suleiman and Paul G. Steffes"
}


@article {Hanley-2007,
author = {Hanley, Thomas R. and Steffes, Paul G.},
title = {A high-sensitivity laboratory system for measuring the microwave properties of gases under simulated conditions for planetary atmospheres},
journal = {Radio Science},
volume = {42},
number = {6},
issn = {1944-799X},
url = {http://dx.doi.org/10.1029/2007RS003693},
doi = {10.1029/2007RS003693},
pages = {n/a--n/a},
keywords = {microwave, gas, measurement},
year = {2007}
}

@article {Fahd-1991,
author = {Antoine K. Fahd and Paul G. Steffes},
title = {Laboratory measurements of the microwave and millimeter-wave opacity of gaseous sulfur dioxide ({SO}$_2$) under simulated conditions for the {V}enus atmosphere},
journal = {Icarus},
volume = {97},
number = {2},
url = {http://dx.doi.org/10.1016/0019-1035(92)90128-T},
doi = {10.1016/0019-1035(92)90128-T},
pages = {200-210},
keywords = {microwave, gas, measurement},
year = {1991}
}

@article{Kolodner-1998,
title = "The Microwave Absorption and Abundance of Sulfuric Acid Vapor in the Venus Atmosphere Based on New Laboratory Measurements ",
journal = "Icarus ",
volume = "132",
number = "1",
pages = "151 - 169",
year = "1998",
note = "",
issn = "0019-1035",
doi = "http://dx.doi.org/10.1006/icar.1997.5887",
url = "http://www.sciencedirect.com/science/article/pii/S0019103597958875",
author = "Marc A. Kolodner and Paul G. Steffes"
}

@article{Lipa-1979,
title = "Statistical and computational uncertainties in atmospheric profiles from radio occultation: Mariner 10 at Venus ",
journal = "Icarus ",
volume = "39",
number = "2",
pages = "192 - 208",
year = "1979",
note = "",
issn = "0019-1035",
doi = "http://dx.doi.org/10.1016/0019-1035(79)90163-5",
url = "http://www.sciencedirect.com/science/article/pii/0019103579901635",
author = "Belinda Lipa and G. Leonard Tyler"
}



@misc{Devaraj-CARMA,
  author        = "Kiruthika Devaraj",
  howpublished  = "private communication",
  year          = "2014"
}

@article{Essen-1951,
  author={L Essen and K D Froome},
  title={The Refractive Indices and Dielectric Constants of Air and its Principal Constituents at 24,000 Mc/s},
  journal={Proceedings of the Physical Society. Section B},
  volume={64},
  number={10},
  pages={862},
  url={http://stacks.iop.org/0370-1301/64/i=10/a=303},
  year={1951}
}

﻿@article {Barrett-1960,
author = {Barrett, Alan H.},
title = {Microwave absorption and emission in the atmosphere of Venus},
journal = {Journal of Geophysical Research},
volume = {65},
number = {6},
issn = {2156-2202},
url = {http://dx.doi.org/10.1029/JZ065i006p01835},
doi = {10.1029/JZ065i006p01835},
pages = {1835--1838},
year = {1960},
}
@article{Giauque-1960,
author = {Giauque, W. F. and Hornung, E. W. and Kunzler, J. E. and Rubin, T. R.},
title = {The Thermodynamic Properties of Aqueous Sulfuric Acid Solutions and Hydrates from 15 to 300°K.1},
journal = {Journal of the American Chemical Society},
volume = {82},
number = {1},
pages = {62-70},
year = {1960},
doi = {10.1021/ja01486a014},
URL = {http://pubs.acs.org/doi/abs/10.1021/ja01486a014},
eprint = {http://pubs.acs.org/doi/pdf/10.1021/ja01486a014}
}

﻿@article {Ho-1966,
author = {Ho, W. and Kaufman, I. A. and Thaddeus, P.},
title = {Laboratory measurement of microwave absorption in models of the atmosphere of Venus},
journal = {Journal of Geophysical Research},
volume = {71},
number = {21},
issn = {2156-2202},
url = {http://dx.doi.org/10.1029/JZ071i021p05091},
doi = {10.1029/JZ071i021p05091},
pages = {5091--5108},
year = {1966},
}

﻿@article {Seiff-1980,
author = {Seiff, A. and Kirk, Donn B. and Young, Richard E. and Blanchard, Robert C. and Findlay, John T. and Kelly, G. M. and Sommer, S. C.},
title = {Measurements of thermal structure and thermal contrasts in the atmosphere of Venus and related dynamical observations: Results From the four Pioneer Venus Probes},
journal = {Journal of Geophysical Research: Space Physics},
volume = {85},
number = {A13},
issn = {2156-2202},
url = {http://dx.doi.org/10.1029/JA085iA13p07903},
doi = {10.1029/JA085iA13p07903},
pages = {7903--7933},
year = {1980},
}

@article{Na-1994,
title = "Sulfur Dioxide in the Atmosphere of Venus: II. Modeling Results ",
journal = "Icarus ",
volume = "112",
number = "2",
pages = "389 - 395",
year = "1994",
note = "",
issn = "0019-1035",
doi = "http://dx.doi.org/10.1006/icar.1994.1193",
url = "http://www.sciencedirect.com/science/article/pii/S0019103584711936",
author = "C.Y. Na and L.W. Esposito and W.E. McClintock and C.A. Barth"
}


@book{Matthael-1980,
    author    = "G. L. Matthael and E. Jones",
    title     = {Microwave filters, impedance matching networks and coupling structures},
    publisher = "McGraw-Hill",
    address  = "New York",
    year      = "1980"
}

@book{Liou-2002,
    author    = "K.N. Liou",
    title     = {An Introduction to Atmospheric Radiation},
    publisher = "Academic Press",
    address  = "San Diego, California",
    year      = "2002"
}

@article{Deboer-1993,
    author    = "David R. DeBoer and Paul G. Steffes",
    title     = {Laboratory {M}easurements of the {M}icrowave {P}roperties of {H2S} under {S}imulated {J}ovian {C}onditions with an {A}pplication to {N}eptune},
    journal   = "Icarus",
    volume   = "109",
    number   = "2",
    pages    = "352-366",
    year      = "1993",
    month    = "November"
}

@article{Sagawa-2008,
author = "H. Sagawa",
year = "2008",
title = {Teraherts remote sensing of the {V}enusian atmosphere: {O}bservations {U}sing the {N}obeyama {M}illimeter {A}rray},
journal = {Journal of the National Institute of Information and Communications Technology},
address = "Japan",
volume = "55",
pages = "149-157"
}

@article {Devaraj-2011,
author = {Devaraj, Kiruthika and Steffes, Paul G.},
title = {The {G}eorgia {T}ech millimeter-wavelength measurement system and some applications to the study of planetary atmospheres},
journal = {Radio Science},
volume = {46},
number = {2},
issn = {1944-799X},
url = {http://dx.doi.org/10.1029/2010RS004433},
doi = {10.1029/2010RS004433},
pages = {n/a--n/a},
keywords = {millimeter wavelength, planetary atmospheres, gas opacity, quality factor, Fabry-Perot resonator},
year = {2011}
}

@inproceedings{ALMA-2013,
    author  = "Raphael Moreno and Arielle Moullet and Therese Encrenaz and Emmanuel Lellouch and Thierry Fouchet",
    title   = "Submillimeter spectroscopy of Venus atmosphere with {ALMA}: {CO}, {HDO} and sulfur species",
    publisher = "ASA Meeting",
    year    = 2013
}

