@article{venus-sulfer,
title = {Microwave Remote Sensing of the Temperature and Distribution of Sulfur Compounds in the Lower Atmosphere of {V}enus},
journal = "Icarus ",
volume = "158",
number = "2",
pages = "312 - 328",
year = "2002",
note = "",
issn = "0019-1035",
doi = "http://dx.doi.org/10.1006/icar.2002.6894",
url = "http://www.sciencedirect.com/science/article/pii/S0019103502968946",
author = "Jon M. Jenkins and Marc A. Kolodner and Bryan J. Butler and Shady H. Suleiman and Paul G. Steffes"
}

@article{DeBoer-Steffes,
title = "Laboratory Measurements of the Microwave Properties of \{H2S\} under Simulated Jovian Conditions with an Application to Neptune ",
journal = "Icarus ",
volume = "109",
number = "2",
pages = "352 - 366",
year = "1994",
note = "",
issn = "0019-1035",
doi = "http://dx.doi.org/10.1006/icar.1994.1099",
url = "http://www.sciencedirect.com/science/article/pii/S0019103584710992",
author = "David R. DeBoer and Paul G. Steffes"
}

@conference{so2-cent-lab,
    author    = "P.G. Steffes and Christopher Barisich",
    title     = {Laboratory Measurements of the 3.7-20 cm Wavelength Opacity of Sulfur Dioxide and Carbon Dioxide under Simulated Conditions for the Deep Atmosphere of {V}enus},
    booktitle = {Bulletin of the American Astronomical Society},
    volume   = "44",
    number   = "5",
    pages    = "241",
    address  = "Reno, NV",
    year      = "2012",
    month    = "October 18",
    note     = "Presented at the 44th Annual Meeting of the Division for Planetary Sciences of the American Astronomical Society"
}

@conference{so2-cent-model,
    author    = "P.G. Steffes and P.M. Shahan",
    title     = {Models of the Centimeter-Wavelength of Sulfur Dioxide and Carbon Dioxide based on Laboratory Measurements Conducted under Simulated Conditions for the Deep Atmosphere of {V}enus},
    booktitle = {Bulletin of the American Astronomical Society},
    volume   = "45",
    number   = "9",
    pages    = "57",
    address  = "Denver, CO",
    year      = "2013",
    month    = "October 8",
    note     = "Presented at the 45th Annual Meeting of the Division for Planetary Sciences of the American Astronomical Society"
}


@phdthesis{Devaraj-thesis,
author = "Kiruthika Devaraj",
title = {The {C}entimeter- and {M}illimeter-{W}avelength {A}mmonia {A}bsorption {S}pectra {U}nder {J}ovian {C}onditions},
year = "2011",
school = {Georgia Institute of Technology},
month = "December"
}

@phdthesis{Suleiman-thesis,
author = "Shady H. Suleiman",
title = {Microwave Effects of Gaseous Sulfer Dioxide ({SO}$_2$) in the Atmospheres of {V}enus and {E}arth},
year = "1997",
school = {Georgia Institute of Technology},
month = "May"
}


@article{linecatelog,
title = {Introduction to submillimeter, millimeter and microwave spectral line catalog },
journal = {Journal of Quantitative Spectroscopy and Radiative Transfer },
volume = "111",
number = "11",
pages = "1614 - 1616",
year = "2010",
note = "50 Years of \{JQSRT\} ",
issn = "0022-4073",
doi = "http://dx.doi.org/10.1016/j.jqsrt.2010.02.002",
url = "http://www.sciencedirect.com/science/article/pii/S0022407310000634",
author = "J.C. Pearson and H.S.P. MÃ¼ller and H.M. Pickett and E.A. Cohen and B.J. Drouin",
keywords = "Spectroscopy",
keywords = "Absorption",
keywords = "Spectral lines "
}

@article {high-sensitivity,
author = {Hanley, Thomas R. and Steffes, Paul G.},
title = {A high-sensitivity laboratory system for measuring the microwave properties of gases under simulated conditions for planetary atmospheres},
journal = {Radio Science},
volume = {42},
number = {6},
issn = {1944-799X},
url = {http://dx.doi.org/10.1029/2007RS003693},
doi = {10.1029/2007RS003693},
pages = {n/a--n/a},
keywords = {microwave, gas, measurement},
year = {2007}
}

@article {fahd-so2,
author = {Antoine K. Fahd and Paul G. Steffes},
title = {Laboratory measurements of the microwave and millimeter-wave opacity of gaseous sulfur dioxide ({SO}$_2$) under simulated conditions for the {V}enus atmosphere},
journal = {Icarus},
volume = {97},
number = {2},
url = {http://dx.doi.org/10.1016/0019-1035(92)90128-T},
doi = {10.1016/0019-1035(92)90128-T},
pages = {200-210},
keywords = {microwave, gas, measurement},
year = {1991}
}

@book{matching,
    author    = "G. L. Matthael and E. Jones",
    title     = {Microwave filters, impedance matching networks and coupling structures},
    publisher = "McGraw-Hill",
    address  = "New York",
    year      = "1980"
}

@article{h2s-labmesurements,
    author    = "David R. DeBoer and Paul G. Steffes",
    title     = {Laboratory {M}easurements of the {M}icrowave {P}roperties of {H2S} under {S}imulated {J}ovian {C}onditions with an {A}pplication to {N}eptune},
    journal   = "Icarus",
    volume   = "109",
    number   = "2",
    pages    = "352-366",
    year      = "1993",
    month    = "November"
}

@article{observations,
author = "H. Sagawa",
year = "2008",
title = {Teraherts remote sensing of the {V}enusian atmosphere: {O}bservations {U}sing the {N}obeyama {M}illimeter {A}rray},
journal = {Journal of the National Institute of Information and Communications Technology},
address = "Japan",
volume = "55",
pages = "149-157"
}

@article {system-description,
author = {Devaraj, Kiruthika and Steffes, Paul G.},
title = {The {G}eorgia {T}ech millimeter-wavelength measurement system and some applications to the study of planetary atmospheres},
journal = {Radio Science},
volume = {46},
number = {2},
issn = {1944-799X},
url = {http://dx.doi.org/10.1029/2010RS004433},
doi = {10.1029/2010RS004433},
pages = {n/a--n/a},
keywords = {millimeter wavelength, planetary atmospheres, gas opacity, quality factor, Fabry-Perot resonator},
year = {2011}
}

