@article {Seiff-1980,
author = {Seiff, A. and Kirk, Donn B. and Young, Richard E. and Blanchard, Robert C. and Findlay, John T. and Kelly, G. M. and Sommer, S. C.},
title = {Measurements of thermal structure and thermal contrasts in the atmosphere of Venus and related dynamical observations: Results From the four Pioneer Venus Probes},
journal = {Journal of Geophysical Research: Space Physics},
volume = {85},
number = {A13},
issn = {2156-2202},
url = {http://dx.doi.org/10.1029/JA085iA13p07903},
doi = {10.1029/JA085iA13p07903},
pages = {7903--7933},
year = {1980},
}
