@article {RDS:RDS5783,
author = {Devaraj, Kiruthika and Steffes, Paul G.},
title = {The Georgia Tech millimeter-wavelength measurement system and some applications to the study of planetary atmospheres},
journal = {Radio Science},
volume = {46},
number = {2},
issn = {1944-799X},
url = {http://dx.doi.org/10.1029/2010RS004433},
doi = {10.1029/2010RS004433},
pages = {n/a--n/a},
keywords = {millimeter wavelength, planetary atmospheres, gas opacity, quality factor, Fabry-Perot resonator},
year = {2011},
}
