@article {RDS:RDS5473,
author = {Hanley, Thomas R. and Steffes, Paul G.},
title = {A high-sensitivity laboratory system for measuring the microwave properties of gases under simulated conditions for planetary atmospheres},
journal = {Radio Science},
volume = {42},
number = {6},
issn = {1944-799X},
url = {http://dx.doi.org/10.1029/2007RS003693},
doi = {10.1029/2007RS003693},
pages = {n/a--n/a},
keywords = {microwave, gas, measurement},
year = {2007},
}
