@article {JGRE:JGRE129,
author = {Pettengill, Gordon H. and Ford, Peter G. and Wilt, Robert J.},
title = {Venus surface radiothermal emission as observed by Magellan},
journal = {Journal of Geophysical Research: Planets},
volume = {97},
number = {E8},
issn = {2156-2202},
url = {http://dx.doi.org/10.1029/92JE01356},
doi = {10.1029/92JE01356},
pages = {13091--13102},
year = {1992},
}
