@article {QJ:QJ200312959022,
author = {Yung, Yuk L.},
title = {An introduction to atmospheric radiation. By K. N. Liou. Academic Press. Second edition, 2002. pp. xiv+583. ISBN 0 12 451451 0},
journal = {Quarterly Journal of the Royal Meteorological Society},
volume = {129},
number = {590},
publisher = {John Wiley & Sons, Ltd.},
issn = {1477-870X},
url = {http://dx.doi.org/10.1256/003590003102695746},
doi = {10.1256/003590003102695746},
pages = {1741--1741},
year = {2003},
}
