@article{Fahd1992200,
title = "Laboratory measurements of the microwave and millimeter-wave opacity of gaseous sulfur dioxide (SO2) under simulated conditions for the Venus atmosphere ",
journal = "Icarus ",
volume = "97",
number = "2",
pages = "200 - 210",
year = "1992",
note = "",
issn = "0019-1035",
doi = "http://dx.doi.org/10.1016/0019-1035(92)90128-T",
url = "http://www.sciencedirect.com/science/article/pii/001910359290128T",
author = "Antoine K. Fahd and Paul G. Steffes"
}

