@article{Na-1994,
title = "Sulfur Dioxide in the Atmosphere of Venus: II. Modeling Results ",
journal = "Icarus ",
volume = "112",
number = "2",
pages = "389 - 395",
year = "1994",
note = "",
issn = "0019-1035",
doi = "http://dx.doi.org/10.1006/icar.1994.1193",
url = "http://www.sciencedirect.com/science/article/pii/S0019103584711936",
author = "C.Y. Na and L.W. Esposito and W.E. McClintock and C.A. Barth"
}

