@article{Pickett-1998,
title = "SUBMILLIMETER, MILLIMETER, \{AND\} \{MICROWAVE\} \{SPECTRAL\} \{LINE\} \{CATALOG\} ",
journal = "Journal of Quantitative Spectroscopy and Radiative Transfer ",
volume = "60",
number = "5",
pages = "883 - 890",
year = "1998",
note = "",
issn = "0022-4073",
doi = "http://dx.doi.org/10.1016/S0022-4073(98)00091-0",
url = "http://www.sciencedirect.com/science/article/pii/S0022407398000910",
author = "H.M. PICKETT and R.L. POYNTER and E.A. COHEN and M.L. DELITSKY and J.C. PEARSON and H.S.P. MÃœLLER"
}

