@article{Lipa1979192,
title = "Statistical and computational uncertainties in atmospheric profiles from radio occultation: Mariner 10 at Venus ",
journal = "Icarus ",
volume = "39",
number = "2",
pages = "192 - 208",
year = "1979",
note = "",
issn = "0019-1035",
doi = "http://dx.doi.org/10.1016/0019-1035(79)90163-5",
url = "http://www.sciencedirect.com/science/article/pii/0019103579901635",
author = "Belinda Lipa and G. Leonard Tyler"
}

